%********************** BOOK ****************************

@book{book:EstComp,
  title={Estructura de Computadores},
  author={Orenga, Miquel Albert and Manonellas, Gerard Enrique},
  year={2011},
  publisher={Universitat Oberta de Catalunya}
}

%********************** WEBSITE **********************
@misc{website:NASM,
      title = {NASM - The Netwide Assembler},
	  author = {The NASM development team},
      howpublished = {\\ \url{https://www.nasm.us/xdoc/2.14/html/nasmdoc0.html}},
      note = {\\ Accessed: \mydate\today}
}

@misc{website:Homebrew,
      title = {Homebrew},
      howpublished = {\\ \url{https://brew.sh/}},
      note = {\\ Accessed: \mydate\today}
}

@misc{website:NASM-Tutorial,
      title = {NASM Tutorial},
      howpublished = {\\ \url{http://cs.lmu.edu/~ray/notes/nasmtutorial/}},
      note = {\\ Accessed: \mydate\today}
}

@misc{website:NASM-TutorialsPoint,
      title = {NASM Tutorials Point},
      howpublished = {\\ \small\url{https://www.tutorialspoint.com/assembly_programming/index.htm}},
      note = {\\ Accessed: \mydate\today}
}
